@article{mannsverk2013flooded,
  title={Flooded-A Location-Based Game for Promoting Citizens' Flood Preparedness},
  author={Mannsverk, Sondre Johan},
  year={2013},
  publisher={Institutt for datateknikk og informasjonsvitenskap}
}

@article{huizenga2009mobile,
  title={Mobile game-based learning in secondary education: engagement, motivation and learning in a mobile city game},
  author={Huizenga, Jantina and Admiraal, Wilfried and Akkerman, Sanne and Dam, G ten},
  journal={Journal of Computer Assisted Learning},
  volume={25},
  number={4},
  pages={332--344},
  year={2009},
  publisher={Wiley Online Library}
}

@book{sherman2004geocaching,
  title={Geocaching: hike and seek with your GPS},
  author={Sherman, Erik},
  year={2004},
  publisher={Apress}
}

@article{mcmunn2013if,
  title={If you build it...? One campusâ€™ firsthand account of gamification in the academic library},
  author={McMunn-Tetangco, Elizabeth},
  journal={College \& Research Libraries News},
  volume={74},
  number={4},
  pages={208--210},
  year={2013},
  publisher={Association of College \& Research Libraries}
}
